@article{caceres2014rich,
  title={Rich vehicle routing problem: Survey},
  author={Caceres-Cruz, Jose and Arias, Pol and Guimarans, Daniel and Riera, Daniel and Juan, Angel A},
  journal={ACM Computing Surveys (CSUR)},
  volume={47},
  number={2},
  pages={1--28},
  year={2014},
  publisher={ACM New York, NY, USA}
}

@article{braekers2016vehicle,
  title={The vehicle routing problem: State of the art classification and review},
  author={Braekers, Kris and Ramaekers, Katrien and Van Nieuwenhuyse, Inneke},
  journal={Computers \& Industrial Engineering},
  volume={99},
  pages={300--313},
  year={2016},
  publisher={Elsevier}
}

@article{cattaruzza2016vehicle,
  title={Vehicle routing problems with multiple trips},
  author={Cattaruzza, Diego and Absi, Nabil and Feillet, Dominique},
  journal={4OR},
  volume={14},
  number={3},
  pages={223--259},
  year={2016b},
  publisher={Springer}
}

@article{elshaer2020taxonomic,
  title={A taxonomic review of metaheuristic algorithms for solving the vehicle routing problem and its variants},
  author={Elshaer, Raafat and Awad, Hadeer},
  journal={Computers \& Industrial Engineering},
  volume={140},
  pages={106242},
  year={2020},
  publisher={Elsevier}
}

@article{fleischmann1990vehicle,
  title={The vehicle routing problem with multiple use of vehicles},
  author={Fleischmann, Bernhard},
  journal={Fachbereich Wirtschaftswissenschaften, Universit{\"a}t Hamburg},
  year={1990}
}

@article{kolen1987vehicle,
  title={Vehicle routing with time windows},
  author={Kolen, Antoon WJ and Rinnooy Kan, AHG and Trienekens, Harry WJM},
  journal={Operations Research},
  volume={35},
  number={2},
  pages={266--273},
  year={1987},
  publisher={INFORMS}
}

@article{azi2010exact,
  title={An exact algorithm for a vehicle routing problem with time windows and multiple use of vehicles},
  author={Azi, Nabila and Gendreau, Michel and Potvin, Jean-Yves},
  journal={European Journal of Operational Research},
  volume={202},
  number={3},
  pages={756--763},
  year={2010},
  publisher={Elsevier}
}

@article{battarra2009adaptive,
  title={An adaptive guidance approach for the heuristic solution of a minimum multiple trip vehicle routing problem},
  author={Battarra, Maria and Monaci, Michele and Vigo, Daniele},
  journal={Computers \& Operations Research},
  volume={36},
  number={11},
  pages={3041--3050},
  year={2009},
  publisher={Elsevier}
}

@article{kenaka2021comparison,
  title={Comparison Study of Neighborhood Structures in Local Search for Vehicle Routing Problem with Multiple Trips and Time Windows},
  author={Kenaka, Saskia Puspa and Suprayogi, Suprayogi},
  journal={Jurnal Teknik Industri},
  volume={23},
  number={2},
  year={2021}
}

@article{cattaruzza2014iterated,
  title={An iterated local search for the multi-commodity multi-trip vehicle routing problem with time windows},
  author={Cattaruzza, Diego and Absi, Nabil and Feillet, Dominique and Vigo, Daniele},
  journal={Computers \& Operations Research},
  volume={51},
  pages={257--267},
  year={2014},
  publisher={Elsevier}
}

@incollection{arora2017multi,
  title={Multi-Objective Optimum Design Concepts and Methods},
  author={Arora, JS},
  booktitle={Introduction to Optimum Design},
  year={2017},
  edition={4},
  pages={771--794}
}

@article{macedo2011solving,
  title={Solving the vehicle routing problem with time windows and multiple routes exactly using a pseudo-polynomial model},
  author={Macedo, Rita and Alves, Claudio and de Carvalho, JM Val{\'e}rio and Clautiaux, Fran{\c{c}}ois and Hanafi, Said},
  journal={European Journal of Operational Research},
  volume={214},
  number={3},
  pages={536--545},
  year={2011},
  publisher={Elsevier}
}

@inproceedings{macedo2012generalized,
  title={Generalized Disaggregation Algorithm for the Vehicle Routing Problem with Time Windows and Multiple Routes.},
  author={Macedo, Rita and Hanafi, Said and Clautiaux, Fran{\c{c}}ois and Alves, Cl{\'a}udio and de Carvalho, Jos{\'e} M Val{\'e}rio},
  booktitle={ICORES},
  pages={305--312},
  year={2012}
}

@article{hernandez2014new,
  title={A new exact algorithm to solve the multi-trip vehicle routing problem with time windows and limited duration},
  author={Hernandez, Florent and Feillet, Dominique and Giroudeau, Rodolphe and Naud, Olivier},
  journal={4OR},
  volume={12},
  number={3},
  pages={235--259},
  year={2014},
  publisher={Springer}
}

@article{lenstra1981complexity,
  title={Complexity of vehicle routing and scheduling problems},
  author={Lenstra, Jan Karel and Kan, AHG Rinnooy},
  journal={Networks},
  volume={11},
  number={2},
  pages={221--227},
  year={1981},
  publisher={Wiley Online Library}
}

@article{wang2014metaheuristic,
  title={A metaheuristic based on a pool of routes for the vehicle routing problem with multiple trips and time windows},
  author={Wang, Zhong and Liang, Wenjie and Hu, X},
  journal={Journal of the Operational Research Society},
  volume={65},
  number={1},
  pages={37--48},
  year={2014},
  publisher={Taylor \& Francis}
}

@article{solomon1987algorithms,
  title={Algorithms for the vehicle routing and scheduling problems with time window constraints},
  author={Solomon, Marius M},
  journal={Operations research},
  volume={35},
  number={2},
  pages={254--265},
  year={1987},
  publisher={Informs}
}

@inproceedings{gehring1999parallel,
  title={A parallel hybrid evolutionary metaheuristic for the vehicle routing problem with time windows},
  author={Gehring, Hermann and Homberger, J{\"o}rg},
  booktitle={Proceedings of EUROGEN99},
  volume={2},
  pages={57--64},
  year={1999},
  organization={Citeseer}
}

@article{azi2014adaptive,
  title={An adaptive large neighborhood search for a vehicle routing problem with multiple routes},
  author={Azi, Nabila and Gendreau, Michel and Potvin, Jean-Yves},
  journal={Computers \& Operations Research},
  volume={41},
  pages={167--173},
  year={2014},
  publisher={Elsevier}
}

@inproceedings{despaux2014study,
  title={A study of the multi-trip vehicle routing problem with time windows and heterogeneous fleet},
  author={Despaux, Fran{\c{c}}ois and Basterrech, Sebasti{\'a}n},
  booktitle={2014 14th International Conference on Intelligent Systems Design and Applications},
  pages={7--12},
  year={2014},
  organization={IEEE}
}

@article{karoonsoontawong2015efficient,
  title={Efficient Insertion Heuristics for Multitrip Vehicle Routing Problem with Time Windows and Shift Time Limits},
  author={Karoonsoontawong, Ampol},
  journal={Transportation Research Record},
  volume={2477},
  number={1},
  pages={27--39},
  year={2015},
  publisher={SAGE Publications Sage CA: Los Angeles, CA}
}

@article{hernandez2016branch,
  title={Branch-and-price algorithms for the solution of the multi-trip vehicle routing problem with time windows},
  author={Hernandez, Florent and Feillet, Dominique and Giroudeau, Rodolphe and Naud, Olivier},
  journal={European Journal of Operational Research},
  volume={249},
  number={2},
  pages={551--559},
  year={2016},
  publisher={Elsevier}
}

@article{cattaruzza2016multi,
  title={The multi-trip vehicle routing problem with time windows and release dates},
  author={Cattaruzza, Diego and Absi, Nabil and Feillet, Dominique},
  journal={Transportation Science},
  volume={50},
  number={2},
  pages={676--693},
  year={2016a},
  publisher={INFORMS}
}

@article{benkebir2019multi,
  title={On a multi-trip vehicle routing problem with time windows integrating European and French driver regulations},
  author={Benkebir, N and Pouliquen, M Le and Tr{\'e}vien, JF and Bounceur, Ahc{\`e}ne and Euler, R and Pardiac, E and Sevaux, Marc},
  journal={Journal on Vehicle Routing Algorithms},
  volume={2},
  number={1},
  pages={55--74},
  year={2019},
  publisher={Springer}
}

@article{franccois2019adaptive,
  title={Adaptive large neighborhood search for multitrip vehicle routing with time windows},
  author={Fran{\c{c}}ois, V{\'e}ronique and Arda, Yasemin and Crama, Yves},
  journal={Transportation Science},
  volume={53},
  number={6},
  pages={1706--1730},
  year={2019},
  publisher={INFORMS}
}

@article{paradiso2020exact,
  title={An exact solution framework for multitrip vehicle-routing problems with time windows},
  author={Paradiso, Rosario and Roberti, Roberto and Lagan{\'a}, Demetrio and Dullaert, Wout},
  journal={Operations Research},
  volume={68},
  number={1},
  pages={180--198},
  year={2020},
  publisher={INFORMS}
}

@article{barnhart1998branch,
  title={Branch-and-price: Column generation for solving huge integer programs},
  author={Barnhart, Cynthia and Johnson, Ellis L and Nemhauser, George L and Savelsbergh, Martin WP and Vance, Pamela H},
  journal={Operations research},
  volume={46},
  number={3},
  pages={316--329},
  year={1998},
  publisher={INFORMS}
}

@incollection{land2010automatic,
  title={An automatic method for solving discrete programming problems},
  author={Land, Ailsa H and Doig, Alison G},
  booktitle={50 Years of Integer Programming 1958-2008},
  pages={105--132},
  year={2010},
  publisher={Springer}
}

@article{ford1958suggested,
  title={A suggested computation for maximal multi-commodity network flows},
  author={Ford Jr, Lester Randolph and Fulkerson, Delbert R},
  journal={Management Science},
  volume={5},
  number={1},
  pages={97--101},
  year={1958},
  publisher={INFORMS}
}

@article{azi2007exact,
  title={An exact algorithm for a single-vehicle routing problem with time windows and multiple routes},
  author={Azi, Nabila and Gendreau, Michel and Potvin, Jean-Yves},
  journal={European journal of operational research},
  volume={178},
  number={3},
  pages={755--766},
  year={2007},
  publisher={Elsevier}
}

@book{cheng2018formulations,
  title={Formulations and exact algorithms for drone routing problem},
  author={Cheng, Chun and Adulyasak, Yossiri and Rousseau, Louis-Martin},
  year={2018},
  publisher={CIRRELT, Centre interuniversitaire de recherche sur les r{\'e}seaux d'entreprise, la logistique et le transport}
}

@article{padberg1991branch,
  title={A branch-and-cut algorithm for the resolution of large-scale symmetric traveling salesman problems},
  author={Padberg, Manfred and Rinaldi, Giovanni},
  journal={SIAM review},
  volume={33},
  number={1},
  pages={60--100},
  year={1991},
  publisher={SIAM}
}

@article{anaya2016biomedical,
  title={Biomedical sample transportation in the province of Quebec: a case study},
  author={Anaya-Arenas, Ana Maria and Chabot, Thomas and Renaud, Jacques and Ruiz, Angel},
  journal={International Journal of Production Research},
  volume={54},
  number={2},
  pages={602--615},
  year={2016},
  publisher={Taylor \& Francis}
}

@article{neira2020new,
  title={New compact integer programming formulations for the multi-trip vehicle routing problem with time windows},
  author={Neira, Daniel A and Aguayo, Maichel M and De la Fuente, Rodrigo and Klapp, Mathias A},
  journal={Computers \& Industrial Engineering},
  volume={144},
  pages={106399},
  year={2020},
  publisher={Elsevier}
}

@article{vansteenwegen2009iterated,
  title={Iterated local search for the team orienteering problem with time windows},
  author={Vansteenwegen, Pieter and Souffriau, Wouter and Berghe, Greet Vanden and Van Oudheusden, Dirk},
  journal={Computers \& Operations Research},
  volume={36},
  number={12},
  pages={3281--3290},
  year={2009},
  publisher={Elsevier}
}

@article{despaux2016multi,
  title={Multi-trip vehicle routing problem with time windows and heterogeneous fleet},
  author={Despaux, Fran{\c{c}}ois and Basterrech, Sebasti{\'a}n},
  journal={International Journal of Computer Information Systems and Industrial Management Applications},
  volume={8},
  pages={355--363},
  year={2016}
}

@article{taillard1996vehicle,
  title={Vehicle routeing with multiple use of vehicles},
  author={Taillard, Eric D and Laporte, Gilbert and Gendreau, Michel},
  journal={Journal of the Operational research society},
  volume={47},
  number={8},
  pages={1065--1070},
  year={1996},
  publisher={Taylor \& Francis}
}

@article{pisinger2007general,
  title={A general heuristic for vehicle routing problems},
  author={Pisinger, David and Ropke, Stefan},
  journal={Computers \& operations research},
  volume={34},
  number={8},
  pages={2403--2435},
  year={2007},
  publisher={Elsevier}
}

@article{prins2004simple,
  title={A simple and effective evolutionary algorithm for the vehicle routing problem},
  author={Prins, Christian},
  journal={Computers \& operations research},
  volume={31},
  number={12},
  pages={1985--2002},
  year={2004},
  publisher={Elsevier}
}

@article{olivera2007adaptive,
  title={Adaptive memory programming for the vehicle routing problem with multiple trips},
  author={Olivera, Alfredo and Viera, Omar},
  journal={Computers \& Operations Research},
  volume={34},
  number={1},
  pages={28--47},
  year={2007},
  publisher={Elsevier}
}

@article{cattaruzza2014memetic,
  title={A memetic algorithm for the multi trip vehicle routing problem},
  author={Cattaruzza, Diego and Absi, Nabil and Feillet, Dominique and Vidal, Thibaut},
  journal={European Journal of Operational Research},
  volume={236},
  number={3},
  pages={833--848},
  year={2014},
  publisher={Elsevier}
}

@article{pan2021multi,
  title={Multi-trip time-dependent vehicle routing problem with time windows},
  author={Pan, Binbin and Zhang, Zhenzhen and Lim, Andrew},
  journal={European Journal of Operational Research},
  volume={291},
  number={1},
  pages={218--231},
  year={2021},
  publisher={Elsevier}
}

@article{campbell2004efficient,
  title={Efficient insertion heuristics for vehicle routing and scheduling problems},
  author={Campbell, Ann Melissa and Savelsbergh, Martin},
  journal={Transportation science},
  volume={38},
  number={3},
  pages={369--378},
  year={2004},
  publisher={INFORMS}
}

@article{christofides1976vehicle,
  title={The vehicle routing problem},
  author={Christofides, Nicos},
  journal={Revue fran{\c{c}}aise d'automatique, informatique, recherche op{\'e}rationnelle. Recherche op{\'e}rationnelle},
  volume={10},
  number={V1},
  pages={55--70},
  year={1976},
  publisher={EDP Sciences}
}

@article{vidal2013heuristics,
  title={Heuristics for multi-attribute vehicle routing problems: A survey and synthesis},
  author={Vidal, Thibaut and Crainic, Teodor Gabriel and Gendreau, Michel and Prins, Christian},
  journal={European Journal of Operational Research},
  volume={231},
  number={1},
  pages={1--21},
  year={2013},
  publisher={Elsevier}
}

@misc{sintef,
  author= {Sintef},
  title = {VRPTW},
  year={n.d.},
  howpublished = {Available at \url{https://www.sintef.no/projectweb/top/vrptw/}},
  note = {Accessed: 2023-02-04}
}

@article{bello2016neural,
  title={Neural combinatorial optimization with reinforcement learning},
  author={Bello, Irwan and Pham, Hieu and Le, Quoc V and Norouzi, Mohammad and Bengio, Samy},
  journal={arXiv preprint arXiv:1611.09940},
  year={2016}
}

@article{nazari2018reinforcement,
  title={Reinforcement learning for solving the vehicle routing problem},
  author={Nazari, Mohammadreza and Oroojlooy, Afshin and Snyder, Lawrence and Tak{\'a}c, Martin},
  journal={Advances in neural information processing systems},
  volume={31},
  year={2018}
}

@article{huang2021multi,
  title={The multi-trip vehicle routing problem with time windows and unloading queue at depot},
  author={Huang, Nan and Li, Jiliu and Zhu, Wenbin and Qin, Hu},
  journal={Transportation Research Part E: Logistics and Transportation Review},
  volume={152},
  pages={102370},
  year={2021},
  publisher={Elsevier}
}

@article{zhen2020multi,
  title={Multi-depot multi-trip vehicle routing problem with time windows and release dates},
  author={Zhen, Lu and Ma, Chengle and Wang, Kai and Xiao, Liyang and Zhang, Wei},
  journal={Transportation Research Part E: Logistics and Transportation Review},
  volume={135},
  pages={101866},
  year={2020},
  publisher={Elsevier}
}

@article{vidal2020concise,
  title={A concise guide to existing and emerging vehicle routing problem variants},
  author={Vidal, Thibaut and Laporte, Gilbert and Matl, Piotr},
  journal={European Journal of Operational Research},
  volume={286},
  number={2},
  pages={401--416},
  year={2020},
  publisher={Elsevier}
}

@article{yang2023exact,
  title={An exact price-cut-and-enumerate method for the capacitated multitrip vehicle routing problem with time windows},
  author={Yang, Yu},
  journal={Transportation Science},
  volume={57},
  number={1},
  pages={230--251},
  year={2023},
  publisher={INFORMS}
}

@inproceedings{gupta2022deep,
  title={Deep Reinforcement Learning Algorithm for Fast Solutions to Vehicle Routing Problem with Time-Windows},
  author={Gupta, Abhinav and Ghosh, Supratim and Dhara, Anulekha},
  booktitle={5th Joint International Conference on Data Science \& Management of Data (9th ACM IKDD CODS and 27th COMAD)},
  pages={236--240},
  year={2022}
}

@article{cardenas2017city,
  title={City logistics, urban goods distribution and last mile delivery and collection},
  author={Cardenas, Ivan and Borbon-Galvez, Yari and Verlinden, Thomas and Van de Voorde, Eddy and Vanelslander, Thierry and Dewulf, Wouter},
  journal={Competition and regulation in network industries},
  volume={18},
  number={1-2},
  pages={22--43},
  year={2017},
  publisher={SAGE Publications Sage UK: London, England}
}

@article{vidal2013hybrid,
  title={A hybrid genetic algorithm with adaptive diversity management for a large class of vehicle routing problems with time-windows},
  author={Vidal, Thibaut and Crainic, Teodor Gabriel and Gendreau, Michel and Prins, Christian},
  journal={Computers \& operations research},
  volume={40},
  number={1},
  pages={475--489},
  year={2013},
  publisher={Elsevier}
}

@book{toth2002vehicle,
  title={The vehicle routing problem},
  author={Toth, Paolo and Vigo, Daniele},
  year={2002},
  publisher={SIAM}
}

@book{toth2014vehicle,
  title={Vehicle routing: problems, methods, and applications},
  author={Toth, Paolo and Vigo, Daniele},
  year={2014},
  publisher={SIAM}
}

@article{lahyani2015rich,
  title={Rich vehicle routing problems: From a taxonomy to a definition},
  author={Lahyani, Rahma and Khemakhem, Mahdi and Semet, Fr{\'e}d{\'e}ric},
  journal={European Journal of Operational Research},
  volume={241},
  number={1},
  pages={1--14},
  year={2015},
  publisher={Elsevier}
}

@inproceedings{doerner2010survey,
  title={Survey: matheuristics for rich vehicle routing problems},
  author={Doerner, Karl F and Schmid, Verena},
  booktitle={Hybrid Metaheuristics: 7th International Workshop, HM 2010, Vienna, Austria, October 1-2, 2010. Proceedings 7},
  pages={206--221},
  year={2010},
  organization={Springer}
}

@incollection{goel2020hybrid,
  title={Hybrid algorithms for rich vehicle routing problems: a survey},
  author={Goel, Rajeev Kr and Bansal, Sandhya Rani},
  booktitle={Smart delivery systems},
  pages={157--184},
  year={2020},
  publisher={Elsevier}
}

@article{bogyrbayeva2022learning,
  title={Learning to solve vehicle routing problems: A survey},
  author={Bogyrbayeva, Aigerim and Meraliyev, Meraryslan and Mustakhov, Taukekhan and Dauletbayev, Bissenbay},
  journal={arXiv preprint arXiv:2205.02453},
  year={2022}
}

@article{zhang2020multi,
  title={Multi-vehicle routing problems with soft time windows: A multi-agent reinforcement learning approach},
  author={Zhang, Ke and He, Fang and Zhang, Zhengchao and Lin, Xi and Li, Meng},
  journal={Transportation Research Part C: Emerging Technologies},
  volume={121},
  pages={102861},
  year={2020},
  publisher={Elsevier}
}

@article{li2021deep,
  title={Deep reinforcement learning for solving the heterogeneous capacitated vehicle routing problem},
  author={Li, Jingwen and Ma, Yining and Gao, Ruize and Cao, Zhiguang and Lim, Andrew and Song, Wen and Zhang, Jie},
  journal={IEEE Transactions on Cybernetics},
  volume={52},
  number={12},
  pages={13572--13585},
  year={2021},
  publisher={IEEE}
}

@incollection{raza2022vehicle,
  title={Vehicle Routing Problem using Reinforcement Learning: Recent Advancements},
  author={Raza, Syed Mohib and Sajid, Mohammad and Singh, Jagendra},
  booktitle={Advanced Machine Intelligence and Signal Processing},
  pages={269--280},
  year={2022},
  publisher={Springer}
}

@inproceedings{groshev2018learning,
  title={Learning generalized reactive policies using deep neural networks},
  author={Groshev, Edward and Goldstein, Maxwell and Tamar, Aviv and Srivastava, Siddharth and Abbeel, Pieter},
  booktitle={Proceedings of the International Conference on Automated Planning and Scheduling},
  volume={28},
  pages={408--416},
  year={2018}
}

@inproceedings{lu2020learning,
  title={A learning-based iterative method for solving vehicle routing problems},
  author={Lu, Hao and Zhang, Xingwen and Yang, Shuang},
  booktitle={International conference on learning representations},
  year={2020}
}

@article{mor2022vehicle,
  title={Vehicle routing problems over time: a survey},
  author={Mor, Andrea and Speranza, Maria Grazia},
  journal={Annals of Operations Research},
  volume={314},
  number={1},
  pages={255--275},
  year={2022},
  publisher={Springer}
}

@article{yuan2021column,
  title={A column generation based heuristic for the generalized vehicle routing problem with time windows},
  author={Yuan, Yuan and Cattaruzza, Diego and Ogier, Maxime and Semet, Fr{\'e}d{\'e}ric and Vigo, Daniele},
  journal={Transportation Research Part E: Logistics and Transportation Review},
  volume={152},
  pages={102391},
  year={2021},
  publisher={Elsevier}
}

@article{christiansen2017operational,
  title={Operational planning of routes and schedules for a fleet of fuel supply vessels},
  author={Christiansen, Marielle and Fagerholt, Kjetil and Rachaniotis, Nikolaos P and St{\aa}lhane, Magnus},
  journal={Transportation Research Part E: Logistics and Transportation Review},
  volume={105},
  pages={163--175},
  year={2017},
  publisher={Elsevier}
}

@article{liu2018branch,
  title={A branch-and-price algorithm for the multi-trip multi-repairman problem with time windows},
  author={Liu, Shixin and Qin, Shujin and Zhang, Ruiyou},
  journal={Transportation Research Part E: Logistics and Transportation Review},
  volume={116},
  pages={25--41},
  year={2018},
  publisher={Elsevier}
}

@article{tang2015exact,
  title={An exact algorithm for the multi-trip vehicle routing and scheduling problem of pickup and delivery of customers to the airport},
  author={Tang, Jiafu and Yu, Yang and Li, Jia},
  journal={Transportation Research Part E: Logistics and Transportation Review},
  volume={73},
  pages={114--132},
  year={2015},
  publisher={Elsevier}
}

@article{friedrich2022urban,
  title={Urban consolidation centers and city toll schemes--Investigating the impact of city tolls on transshipment decisions},
  author={Friedrich, Christian and Elbert, Ralf},
  journal={Transportation Research Part E: Logistics and Transportation Review},
  volume={164},
  pages={102782},
  year={2022},
  publisher={Elsevier}
}

@article{lopez2016irace,
  title={The irace package: Iterated racing for automatic algorithm configuration},
  author={L{\'o}pez-Ib{\'a}{\~n}ez, Manuel and Dubois-Lacoste, J{\'e}r{\'e}mie and C{\'a}ceres, Leslie P{\'e}rez and Birattari, Mauro and St{\"u}tzle, Thomas},
  journal={Operations Research Perspectives},
  volume={3},
  pages={43--58},
  year={2016},
  publisher={Elsevier}
}
